@inproceedings{gunkel1960,
  title={Impulsive midcourse correction of an interplanetary transfer},
  author={Gunkel, RJ and Lascody, DN and Merrilees, DS},
  booktitle={Xth International Astronautical Congress London 1959/X. Internationaler Astronautischer Kongress/Xe Congr{\`e}s International d’Astronautique},
  pages={650--670},
  year={1960},
  organization={Springer}
}

@book{apollo1972,
  title={Apollo Experience Report: Onboard Navigational and Alignment Software},
  author={Savely, Robert T and Cockrell, Bedford F and Pines, Samuel},
  year={1972},
  publisher={National Aeronautics and Space Administration}
}

@inproceedings{thorne1995,
  title={Series reversion/inversion of Lambert's time function},
  author={Thorne, James},
  booktitle={Astrodynamics Conference},
  pages={2886},
  year={1995}
}

@article{prussing2000,
  title={A class of optimal two-impulse rendezvous using multiple-revolution Lambert solutions},
  author={Prussing, John E},
  journal={The Journal of the Astronautical Sciences},
  volume={48},
  number={2},
  pages={131--148},
  year={2000},
  publisher={Springer}
}

@article{thorne2004,
  title={Lambert’s theorem—a complete series solution},
  author={Thorne, James D},
  journal={The Journal of the Astronautical Sciences},
  volume={52},
  number={4},
  pages={441--454},
  year={2004},
  publisher={Springer}
}

@article{avanzini2008,
  title={A simple Lambert algorithm},
  author={Avanzini, Giulio},
  journal={Journal of guidance, control, and dynamics},
  volume={31},
  number={6},
  pages={1587--1594},
  year={2008}
}

@article{he2010,
  title={Multiple-revolution solutions of the transverse-eccentricity-based lambert problem},
  author={He, Quan and Li, Jian and Han, Chao},
  journal={Journal of guidance, control, and dynamics},
  volume={33},
  number={1},
  pages={265--269},
  year={2010}
}


@article{wailliez2014,
  title={On Lambert’s problem and the elliptic time of flight equation: A simple semi-analytical inversion method},
  author={Wailliez, S{\'e}bastien E},
  journal={Advances in Space Research},
  volume={53},
  number={5},
  pages={890--898},
  year={2014},
  publisher={Elsevier}
}

@article{wen2014,
  title={Derivative analysis and algorithm modification of transverse-eccentricity-based Lambert problem},
  author={Wen, Changxuan and Zhao, Yushan and Shi, Peng},
  journal={Journal of Guidance, Control, and Dynamics},
  volume={37},
  number={4},
  pages={1195--1201},
  year={2014},
  publisher={American Institute of Aeronautics and Astronautics}
}

@article{thorne2015,
  title={Convergence behavior of series solutions of the Lambert problem},
  author={Thorne, James D},
  journal={Journal of Guidance, Control, and Dynamics},
  volume={38},
  number={9},
  pages={1821--1826},
  year={2015},
  publisher={American Institute of Aeronautics and Astronautics}
}


@inproceedings{jiang2016,
  title={Improved semi-major Axis iterated method for Lambert's problem},
  author={Jiang, Ruiye and Chao, Tao and Wang, Songyan and Yang, Ming},
  booktitle={2016 IEEE Chinese Guidance, Navigation and Control Conference (CGNCC)},
  pages={1423--1428},
  year={2016},
  organization={IEEE}
}


@article{albouy2019,
  doi = {10.1007/s10569-019-9916-2},
  url = {https://doi.org/10.1007/s10569-019-9916-2},
  year = {2019},
  month = aug,
  publisher = {Springer Science and Business Media {LLC}},
  volume = {131},
  number = {9},
  author = {Alain Albouy},
  title = {Lambert's Theorem: Geometry or Dynamics?},
  journal = {Celestial Mechanics and Dynamical Astronomy}
}

@phdthesis{sangra2020,
  title={OPTIMIZATION OF INTERPLANETARY TRAJECTORIES WITH GRAVITY ASSIST},
  author={De la Torre, D},
  year={2020}
}

