@article{escobal1965,
  title={Methods of orbit determination.},
  author={Escobal, Pedro},
  journal={Methods of orbit determination},
  year={1965}
}

@article{el1968,
  title={I. Theory of Flight of Artificial Earth Satellites. PE El'yasberg,-II. Motion of an Artificial Satellite about its Center of Mass. VV Beletskii. Israel Program for Scientific Translations, translated by Z. Lerman from the Russian.},
  author={Hilton, WF},
  journal={The Aeronautical Journal},
  volume={72},
  number={690},
  pages={529--529},
  year={1968},
  publisher={Cambridge University Press}
}

@book{bate1971,
  title={Fundamentals of astrodynamics},
  author={Bate, Roger R and Mueller, Donald D and White, Jerry E and Saylor, William W},
  year={1971},
  publisher={Courier Dover Publications}
}

@book{battin1999, 
  title={An introduction to the mathematics and methods of astrodynamics}, 
  publisher={AIAA}, 
  author={Battin, Richard H.}, 
  year={1999}
}

@book{vallado2013,
  title={Fundamentals of astrodynamics and applications},
  author={Vallado, David A},
  volume={12},
  year={2013},
  publisher={Springer Science \& Business Media}
}

@book{curtis2020,
  title={Orbital Mechanics for Engineering Students: Revised Reprint},
  author={Curtis, Howard},
  year={2020},
  publisher={Butterworth-Heinemann}
}

