@book{lambert1761,
  title={Insigniores orbitae cometarum proprietates},
  author={Johann Heinrich Lambert},
  year={1761},
}

@book{lagrange1788,
  title={M{\'e}chanique analitique},
  author={Lagrange, Joseph Louis},
  year={1788},
  publisher={Vve Desaint}
}

@book{gauss1809,
  title={Theoria motus corporum coelestium in sectionibus conicis solem ambientium},
  author={Gauss, Carl Friedrich},
  year={1809}
}
